% This file was created with JabRef 2.10.
% Encoding: ISO8859_1


@Book{MR88f:53087,
  Title                    = {{Einstein} manifolds},
  Author                   = {Besse, Arthur L.},
  Publisher                = {Springer-Verlag},
  Year                     = {1987},

  Address                  = {Berlin},

  Bibliodb                 = {yes},
  ISBN                     = {3-540-15279-2},
  Mrclass                  = {53C25 (53-02 53C21 53C30 53C55 58D17 58E11)},
  Mrnumber                 = {88f:53087},
  Mrreviewer               = {S. M. Salamon},
  Owner                    = {andy},
  Pages                    = {xii+510},
  Timestamp                = {2016.01.17}
}

@InCollection{MR1798605,
  Title                    = {Hyper-{K}\"ahler manifolds},
  Author                   = {Dancer, Andrew S.},
  Booktitle                = {Surveys in differential geometry: essays on {E}instein
 manifolds},
  Publisher                = {Int. Press, Boston, MA},
  Year                     = {1999},
  Pages                    = {15--38},
  Series                   = {Surv. Differ. Geom., VI},

  Doi                      = {10.4310/SDG.2001.v6.n1.a2},
  File                     = {MR1798605.pdf:MR1798605.pdf:PDF},
  Mrclass                  = {53C26 (53C28 53D20)},
  Mrnumber                 = {1798605 (2001k:53087)},
  Mrreviewer               = {Maciej Dunajski},
  Owner                    = {andy},
  Timestamp                = {2016.01.17},
  Url                      = {http://dx.doi.org.ezproxy.lib.utexas.edu/10.4310/SDG.2001.v6.n1.a2}
}

@Article{Hitchin-hk,
  Title                    = {{Hyperk\"ahler manifolds}},
  Author                   = {Hitchin, Nigel},
  Journal                  = {Seminaire Bourbaki},
  Year                     = {1991-1992},
  Pages                    = {137-166},
  Volume                   = {34},

  File                     = {Hitchin-hk.pdf:Hitchin-hk.pdf:PDF},
  Keywords                 = {twistor construction; hyper-Kähler quotient; hyper-Kähler manifold; resolution of singularities; coadjoint orbits; complex Lie groups; moduli spaces of connections},
  Language                 = {eng},
  Owner                    = {andy},
  Publisher                = {Société Mathématique de France},
  Timestamp                = {2016.01.17},
  Url                      = {http://eudml.org/doc/110151}
}

@Book{MR2093043,
  Title                    = {Complex geometry},
  Author                   = {Huybrechts, Daniel},
  Publisher                = {Springer-Verlag, Berlin},
  Year                     = {2005},
  Note                     = {An introduction},
  Series                   = {Universitext},

  ISBN                     = {3-540-21290-6},
  Mrclass                  = {32Qxx (14-01 32-01 32G05 32J25 53C55 53C56)},
  Mrnumber                 = {2093043 (2005h:32052)},
  Mrreviewer               = {Richard P. Thomas},
  Owner                    = {andy},
  Pages                    = {xii+309},
  Timestamp                = {2016.01.16}
}

@Article{MR90d:53055,
  Title                    = {The construction of {ALE} spaces as hyper-{K}\"ahler quotients},
  Author                   = {Kronheimer, Peter B.},
  Journal                  = {J. Differential Geom.},
  Year                     = {1989},
  Number                   = {3},
  Pages                    = {665--683},
  Volume                   = {29},

  Bibliodb                 = {yes},
  Coden                    = {JDGEAS},
  File                     = {:Kronheimer,construction ale spaces-1989.pdf:PDF},
  Fjournal                 = {Journal of Differential Geometry},
  ISSN                     = {0022-040X},
  Mrclass                  = {53C25 (14B07 32L10 32M10 53C55 83C20)},
  Mrnumber                 = {90d:53055},
  Mrreviewer               = {Krzysztof Galicki},
  Owner                    = {andy},
  Timestamp                = {2016.01.17}
}

